@String{ack-bnb = "Barbara N. Beeton,
                   American Mathematical Society,
                   P.O. Box 6248,
                   Providence, RI 02940,
                   USA,
                   Tel: +1 401 455 4014,
                   e-mail: \path|bnb@math.ams.org|"}

@String{ack-nhfb = "Nelson H. F. Beebe,
                    University of Utah,
                    Department of Mathematics, 110 LCB,
                    155 S 1400 E RM 233,
                    Salt Lake City, UT 84112-0090, USA,
                    Tel: +1 801 581 5254,
                    FAX: +1 801 581 4148,
                    e-mail: \path|beebe@math.utah.edu|,
                            \path|beebe@acm.org|,
                            \path|beebe@computer.org| (Internet),
                    URL: \path|http://www.math.utah.edu/~beebe/|"}

@String{j-TUGboat               = "TUGboat"}

@Misc{Latex3:2014:v5471,
  author =       "{The \LaTeX3{} Project}",
  title =        "The l3build package: Checking and building packages",
  month =        nov,
  year =         "2014",
  howpublished = {Available from {\CTAN}, {\url{macros/latex/contrib/l3build/l3build.pdf}}},
  bibdate =      "Sat Dec 12 20:40:00 2014",
}

@Article{Mittelbach:TB35-3-287,
  author =       "Frank Mittelbach and Will Robertson and {The \LaTeX3} Team",
  title =        "{{\tt l3build} \Dash A modern Lua test suite for {\TeX} programming}",
  journal =      j-TUGboat,
  volume =       "35",
  number =       "3",
  pages =        "287--293",
  year =         "2014",
  ISSN =         "0896-3207",
  bibdate =      "Thu Dec 04 17:03:30 GMT 2014",
  acknowledgement = ack-bnb # " and " # ack-nhfb,
}
